@inproceedings{ndn,
 author = {Jacobson, Van and Smetters, Diana K. and Thornton, James D. and Plass, Michael F. and Briggs, Nicholas H. and Braynard, Rebecca L.},
 title = {Networking Named Content},
 booktitle = {Proceedings of the 5th International Conference on Emerging Networking Experiments and Technologies},
 series = {CoNEXT '09},
 year = {2009},
 isbn = {978-1-60558-636-6},
 location = {Rome, Italy},
 pages = {1--12},
 numpages = {12},
 url = {http://doi.acm.org/10.1145/1658939.1658941},
 doi = {10.1145/1658939.1658941},
 acmid = {1658941},
 publisher = {ACM},
 address = {New York, NY, USA},
 keywords = {content routing, content-based security, content-centric networking},
}

@inproceedings{xia,
 author = {Anand, Ashok and Dogar, Fahad and Han, Dongsu and Li, Boyan and Lim, Hyeontaek and Machado, Michel and Wu, Wenfei and Akella, Aditya and Andersen, David G. and Byers, John W. and Seshan, Srinivasan and Steenkiste, Peter},
 title = {XIA: An Architecture for an Evolvable and Trustworthy Internet},
 booktitle = {Proceedings of the 10th ACM Workshop on Hot Topics in Networks},
 series = {HotNets-X},
 year = {2011},
 isbn = {978-1-4503-1059-8},
 location = {Cambridge, Massachusetts},
 pages = {2:1--2:6},
 articleno = {2},
 numpages = {6},
 url = {http://doi.acm.org/10.1145/2070562.2070564},
 doi = {10.1145/2070562.2070564},
 acmid = {2070564},
 publisher = {ACM},
 address = {New York, NY, USA},
 keywords = {evolution, internet architecture, intrinsic security, multiple communication styles},
}

@inproceedings{cost_https,
 author = {Naylor, David and Finamore, Alessandro and Leontiadis, Ilias and Grunenberger, Yan and Mellia, Marco and Munaf\`{o}, Maurizio and Papagiannaki, Konstantina and Steenkiste, Peter},
 title = {The Cost of the "S" in HTTPS},
 booktitle = {Proceedings of the 10th ACM International on Conference on Emerging Networking Experiments and Technologies},
 series = {CoNEXT '14},
 year = {2014},
 isbn = {978-1-4503-3279-8},
 location = {Sydney, Australia},
 pages = {133--140},
 numpages = {8},
 url = {http://doi.acm.org/10.1145/2674005.2674991},
 doi = {10.1145/2674005.2674991},
 acmid = {2674991},
 publisher = {ACM},
 address = {New York, NY, USA},
 keywords = {http 2.0, https, privacy, security, tls, web proxies},
} 
