%% This BibTeX bibliography file was created using BibDesk.
%% http://bibdesk.sourceforge.net/


%% Created for Matthew Heaton at 2009-12-29 13:22:40 -0500 


%% Saved with string encoding Unicode (UTF-8) 

@inproceedings{Ion:2013:TCP:2491224.2491237,
 author = {Ion, Mihaela and Zhang, Jianqing and Schooler, Eve M.},
 title = {Toward Content-centric Privacy in ICN: Attribute-based Encryption and Routing},
 booktitle = {Proceedings of the 3rd ACM SIGCOMM Workshop on Information-centric Networking},
 series = {ICN '13},
 year = {2013},
 isbn = {978-1-4503-2179-2},
 location = {Hong Kong, China},
 pages = {39--40},
 numpages = {2},
 url = {http://doi.acm.org/10.1145/2491224.2491237},
 doi = {10.1145/2491224.2491237},
 acmid = {2491237},
 publisher = {ACM},
 address = {New York, NY, USA},
 keywords = {attribute-based encryption, icn, privacy, security},
}

@inproceedings{Ghodsi:2011:INS:2070562.2070563,
 author = {Ghodsi, Ali and Shenker, Scott and Koponen, Teemu and Singla, Ankit and Raghavan, Barath and Wilcox, James},
 title = {Information-centric Networking: Seeing the Forest for the Trees},
 booktitle = {Proceedings of the 10th ACM Workshop on Hot Topics in Networks},
 series = {HotNets-X},
 year = {2011},
 isbn = {978-1-4503-1059-8},
 location = {Cambridge, Massachusetts},
 pages = {1:1--1:6},
 articleno = {1},
 numpages = {6},
 url = {http://doi.acm.org/10.1145/2070562.2070563},
 doi = {10.1145/2070562.2070563},
 acmid = {2070563},
 publisher = {ACM},
 address = {New York, NY, USA},
 keywords = {information-centric networking, internet architecture},
}

@inproceedings{Arianfar:2011:PPC:2018584.2018589,
 author = {Arianfar, Somaya and Koponen, Teemu and Raghavan, Barath and Shenker, Scott},
 title = {On Preserving Privacy in Content-oriented Networks},
 booktitle = {Proceedings of the ACM SIGCOMM Workshop on Information-centric Networking},
 series = {ICN '11},
 year = {2011},
 isbn = {978-1-4503-0801-4},
 location = {Toronto, Ontario, Canada},
 pages = {19--24},
 numpages = {6},
 url = {http://doi.acm.org/10.1145/2018584.2018589},
 doi = {10.1145/2018584.2018589},
 acmid = {2018589},
 publisher = {ACM},
 address = {New York, NY, USA},
 keywords = {content-oriented networking, privacy},
}

@inproceedings{Ghali:2015:IAC:2810156.2810174,
 author = {Ghali, Cesar and Schlosberg, Marc A. and Tsudik, Gene and Wood, Christopher A.},
 title = {Interest-Based Access Control for Content Centric Networks},
 booktitle = {Proceedings of the 2Nd International Conference on Information-Centric Networking},
 series = {ICN '15},
 year = {2015},
 isbn = {978-1-4503-3855-4},
 location = {San Francisco, California, USA},
 pages = {147--156},
 numpages = {10},
 url = {http://doi.acm.org/10.1145/2810156.2810174},
 doi = {10.1145/2810156.2810174},
 acmid = {2810174},
 publisher = {ACM},
 address = {New York, NY, USA},
 keywords = {access control, content-centric networks, name obfuscation},
}

@article{Chaabane:2013:PCN:2500098.2500102,
 author = {Chaabane, Abdelberi and De Cristofaro, Emiliano and Kaafar, Mohamed Ali and Uzun, Ersin},
 title = {Privacy in Content-oriented Networking: Threats and Countermeasures},
 journal = {SIGCOMM Comput. Commun. Rev.},
 issue_date = {July 2013},
 volume = {43},
 number = {3},
 month = jul,
 year = {2013},
 issn = {0146-4833},
 pages = {25--33},
 numpages = {9},
 url = {http://doi.acm.org/10.1145/2500098.2500102},
 doi = {10.1145/2500098.2500102},
 acmid = {2500102},
 publisher = {ACM},
 address = {New York, NY, USA},
 keywords = {content-oriented networking, privacy},
}

@article{Naylor:2014:XAM:2656877.2656885,
 author = {Naylor, David and Mukerjee, Matthew K. and Agyapong, Patrick and Grandl, Robert and Kang, Ruogu and Machado, Michel and Brown, Stephanie and Doucette, Cody and Hsiao, Hsu-Chun and Han, Dongsu and Kim, Tiffany Hyun-Jin and Lim, Hyeontaek and Ovon, Carol and Zhou, Dong and Lee, Soo Bum and Lin, Yue-Hsun and Stuart, Colleen and Barrett, Daniel and Akella, Aditya and Andersen, David and Byers, John and Dabbish, Laura and Kaminsky, Michael and Kiesler, Sara and Peha, Jon and Perrig, Adrian and Seshan, Srinivasan and Sirbu, Marvin and Steenkiste, Peter},
 title = {XIA: Architecting a More Trustworthy and Evolvable Internet},
 journal = {SIGCOMM Comput. Commun. Rev.},
 issue_date = {July 2014},
 volume = {44},
 number = {3},
 month = jul,
 year = {2014},
 issn = {0146-4833},
 pages = {50--57},
 numpages = {8},
 url = {http://doi.acm.org/10.1145/2656877.2656885},
 doi = {10.1145/2656877.2656885},
 acmid = {2656885},
 publisher = {ACM},
 address = {New York, NY, USA},
 keywords = {internet architecture, network addressing},
}

@inproceedings{Anand:2011:XAE:2070562.2070564,
 author = {Anand, Ashok and Dogar, Fahad and Han, Dongsu and Li, Boyan and Lim, Hyeontaek and Machado, Michel and Wu, Wenfei and Akella, Aditya and Andersen, David G. and Byers, John W. and Seshan, Srinivasan and Steenkiste, Peter},
 title = {XIA: An Architecture for an Evolvable and Trustworthy Internet},
 booktitle = {Proceedings of the 10th ACM Workshop on Hot Topics in Networks},
 series = {HotNets-X},
 year = {2011},
 isbn = {978-1-4503-1059-8},
 location = {Cambridge, Massachusetts},
 pages = {2:1--2:6},
 articleno = {2},
 numpages = {6},
 url = {http://doi.acm.org/10.1145/2070562.2070564},
 doi = {10.1145/2070562.2070564},
 acmid = {2070564},
 publisher = {ACM},
 address = {New York, NY, USA},
 keywords = {evolution, internet architecture, intrinsic security, multiple communication styles},
}

@article{Ghali:2014:NTN:2677046.2677049,
 author = {Ghali, Cesar and Tsudik, Gene and Uzun, Ersin},
 title = {Network-Layer Trust in Named-Data Networking},
 journal = {SIGCOMM Comput. Commun. Rev.},
 issue_date = {October 2014},
 volume = {44},
 number = {5},
 month = oct,
 year = {2014},
 issn = {0146-4833},
 pages = {12--19},
 numpages = {8},
 url = {http://doi.acm.org/10.1145/2677046.2677049},
 doi = {10.1145/2677046.2677049},
 acmid = {2677049},
 publisher = {ACM},
 address = {New York, NY, USA},
 keywords = {future internet architecture, named-data networking, trust},
}

@article{Jiang:2013:ISM:2534169.2491723,
 author = {Jiang, Xiaoke and Bi, Jun},
 title = {Interest Set Mechanism to Improve the Transport of Named Data Networking},
 journal = {SIGCOMM Comput. Commun. Rev.},
 issue_date = {October 2013},
 volume = {43},
 number = {4},
 month = aug,
 year = {2013},
 issn = {0146-4833},
 pages = {515--516},
 numpages = {2},
 url = {http://doi.acm.org/10.1145/2534169.2491723},
 doi = {10.1145/2534169.2491723},
 acmid = {2491723},
 publisher = {ACM},
 address = {New York, NY, USA},
 keywords = {icn, ndn, transport},
} 

@techreport{rfc2396,
   AUTHOR = {T. Berners-Lee},
   TITLE = {Uniform Resource Identifiers (URI): Generic Syntax},
   HOWPUBLISHED = {Internet Requests for Comments},
   TYPE={RFC},
   NUMBER=2396,
   YEAR = {1998},
   MONTH = {August},
   PUBLISHER = {RFC Editor},
   INSTITUTION = {RFC Editor},
   URL={http://www.rfc-editor.org/rfc/rfc2396.txt}
   }

@techreport{rfc3986,
   AUTHOR = {T. Berners-Lee},
   TITLE = {Uniform Resource Identifiers (URI): Generic Syntax},
   HOWPUBLISHED = {Internet Requests for Comments},
   TYPE={RFC},
   NUMBER=3986,
   YEAR = {2005},
   MONTH = {August},
   PUBLISHER = {RFC Editor},
   INSTITUTION = {RFC Editor},
   URL={http://www.rfc-editor.org/rfc/rfc3986.txt}
   }

@inproceedings{Jacobson:2009:NNC:1658939.1658941,
 author = {Jacobson, Van and Smetters, Diana K. and Thornton, James D. and Plass, Michael F. and Briggs, Nicholas H. and Braynard, Rebecca L.},
 title = {Networking Named Content},
 booktitle = {Proceedings of the 5th International Conference on Emerging Networking Experiments and Technologies},
 series = {CoNEXT '09},
 year = {2009},
 isbn = {978-1-60558-636-6},
 location = {Rome, Italy},
 pages = {1--12},
 numpages = {12},
 url = {http://doi.acm.org/10.1145/1658939.1658941},
 doi = {10.1145/1658939.1658941},
 acmid = {1658941},
 publisher = {ACM},
 address = {New York, NY, USA},
 keywords = {content routing, content-based security, content-centric networking},
}

@inproceedings{Yu:2015:STN:2810156.2810170,
 author = {Yu, Yingdi and Afanasyev, Alexander and Clark, David and claffy, kc and Jacobson, Van and Zhang, Lixia},
 title = {Schematizing Trust in Named Data Networking},
 booktitle = {Proceedings of the 2Nd International Conference on Information-Centric Networking},
 series = {ICN '15},
 year = {2015},
 isbn = {978-1-4503-3855-4},
 location = {San Francisco, California, USA},
 pages = {177--186},
 numpages = {10},
 url = {http://doi.acm.org/10.1145/2810156.2810170},
 doi = {10.1145/2810156.2810170},
 acmid = {2810170},
 publisher = {ACM},
 address = {New York, NY, USA},
 keywords = {named data networking, security},
}
